
@misc{Figma,
  howpublished = {\url{http://figma.com/}},
  title        = {Figma},
}

@misc{Angular,
	howpublished = {\url{http://diplomaterv.vik.bme.hu/}},
	title        = {Angular},
}

@misc{React,
	howpublished = {\url{http://diplomaterv.vik.bme.hu/}},
	title        = {React},
}

@misc{Vue,
	howpublished = {\url{http://diplomaterv.vik.bme.hu/}},
	title        = {Vue},
}


@misc{Sequelize,
	howpublished = {\url{http://diplomaterv.vik.bme.hu/}},
	title        = {Sequelize},
}

@misc{TypeORM,
	howpublished = {\url{http://diplomaterv.vik.bme.hu/}},
	title        = {TypeORM},
}


@misc{Prisma,
	howpublished = {\url{http://diplomaterv.vik.bme.hu/}},
	title        = {Prisma},
}


@misc{TypeScript,
	howpublished = {\url{https://www.typescriptlang.org/}},
	title        = {TypeScript},
}


